<?xml version="1.0" encoding="UTF-8"?><collection xmlns="http://www.loc.gov/MARC21/slim"><record><leader>00351nam--2200121-i-4500</leader><controlfield tag="001">000004089</controlfield><controlfield tag="002">20161230</controlfield><controlfield tag="005">20161230201025</controlfield><controlfield tag="008">060222s1000------------r-----000-0-eng-d</controlfield><datafield ind1=" " ind2=" " tag="100"><subfield code="a">Chevassus, Fernand Et R.De Broutelles</subfield></datafield><datafield ind1=" " ind2=" " tag="245"><subfield code="a">La stabilisation des chlorures de polyviyle.pr eface de l.jacque</subfield></datafield><datafield ind1=" " ind2=" " tag="260"><subfield code="a">Paris, Amphora, /1957/ 311 P</subfield></datafield><datafield ind1=" " ind2=" " tag="852"><subfield code="a">12311</subfield></datafield></record></collection>